@MISC{bitcoinpaper,
author={Satoshi Nakamoto},
title={Bitcoin: A Peer-to-Peer Electronic Cash System},
howpublished={Technical report},
year={2008},
note={} }

@MISC{ethereumpaper,
author={},
title={Ethereum. White Paper - A Next-Generation Smart Contract and Decentralized Application Platform},
howpublished={Technical report},
year={2018},
note={} }

@ARTICLE{Vuk16,
   AUTHOR = {Mario Vukolic},
   YEAR = {2016},
   TITLE = {The Quest for Scalable Blockchain Fabric: Proof-of-Work
vs. BFT Replication},
   JOURNAL = {Springer},
   VOLUME = {9591},
   NUMBER = {},
   MONTH = {May},
   PAGES = {}  }

@MISC{spb,
   author={A. Dorri, F. Luo, S. S. Kanhere, R. Jurdak, and Dong Z. Y},
   title={SPB: A Secure Private Blockchain-based Solution for Energy Trading},
   howpublished={Technical report},
   year={July 2018},
   note={School of Comp.\ Sci.\ and Eng., UNSW} }
   
  @MISC{HSLC17,
   author={A. Hahn, R. Singh, C. Liu, and S. Chen.},
   title={Smart Contract-based Campus Demonstration of Decentralized Transactive Energy Auctions},
   howpublished={Technical report},
   year={October 2017},
   note={Washington State University} }
   
   
   
  @MISC{ospf,
   author={Wikipedia},
   title={Open Shortest Path First},
   howpublished={https://\hspace{0cm}\relax en.wikipedia.org/\hspace{0cm}\relax wiki/\hspace{0cm}\relax Open\_Shortest\_Path\_First, accessed 12/07/2019},
   year={2 July 2019},
   note={} }
   
   
  @MISC{Huk18,
   author={Taneli Hukkinen},
   title={Reducing blockchain transaction costs in a distributed energy market application},
   howpublished={Master thesis},
   year={2018},
   note={Aalto University} }
   
    @MISC{Led18,
   author={Power Ledger},
   title={Power Ledger Whitepaper},
   howpublished={Technical report},
   year={2018},
   note={} }
   
   
    @MISC{WeP17,
   author={WePower},
   title={Energy trading platform powered by blockchain technology},
   howpublished={Technical report},
   year={2018},
   note={} }

    @MISC{Hol18,
   author={Marcus Holland},
   title={Wepower Announces Launch of its Alpha Platform},
   howpublished={ICO Examiner},
   year={July 2018},
   note={} }

    @MISC{Deil18,
   author={Jason Deign},
   title={WePowerâ€™s Blockchain Platform Launch Attracts Thousands of Users},
   howpublished={Greentech Media},
   year={July 2018},
   note={} }
   
    @MISC{Gril18,
   author={Grid+},
   title={Welcome To The Future of Energy},
   howpublished={Technical report},
   year={July 2018},
   note={} }
 
   
     @MISC{Net17,
   author={Raiden Network},
   title={Raiden Network},
   howpublished={https://\hspace{0cm}\relax 
      raiden.network},
   year={2019},
   note={} }
   